{"leader":"02395cz  a2200349n  4500","fields":[{"001":"345526"},
{"005":"20131018131512.0"},
{"008":"110714nb ac|nnaaba           n aaa      "},
{"040":{"ind1":" ","ind2":" ","subfields":[{"a":"S"},
  {"b":"swe"}]}},
{"083":{"ind1":"0","ind2":"4","subfields":[{"a":"873.01"},
  {"2":"23/swe"}]}},
{"100":{"ind1":"1","ind2":" ","subfields":[{"a":"Ovidius Naso, Publius,"},
  {"d":"43 f.Kr.-17 e.Kr."},
  {"t":"Metamorphoses"}]}},
{"400":{"ind1":"1","ind2":" ","subfields":[{"a":"Ovidius Naso, Publius,"},
  {"d":"43 f.Kr.-17 e.Kr."},
  {"t":"Metamorphoseos"}]}},
{"400":{"ind1":"1","ind2":" ","subfields":[{"a":"Ovidius Naso, Publius,"},
  {"d":"43 f.Kr.-17 e.Kr."},
  {"t":"Metamorphosis"}]}},
{"400":{"ind1":"1","ind2":" ","subfields":[{"a":"Ovidius Naso, Publius,"},
  {"d":"43 f.Kr.-17 e.Kr."},
  {"t":"Metamorphoseon libri 15"}]}},
{"400":{"ind1":"1","ind2":" ","subfields":[{"a":"Ovidius Naso, Publius,"},
  {"d":"43 f.Kr.-17 e.Kr."},
  {"t":"Metamorphoseon libri XV"}]}},
{"400":{"ind1":"1","ind2":" ","subfields":[{"a":"Ovidius Naso, Publius,"},
  {"d":"43 f.Kr.-17 e.Kr."},
  {"t":"P. Ovidii Metamorphoseon libri XV"}]}},
{"400":{"ind1":"1","ind2":" ","subfields":[{"a":"Ovidius Naso, Publius,"},
  {"d":"43 f.Kr.-17 e.Kr."},
  {"t":"P. Ovidii Nasonis Metamorphoseon libri 15"}]}},
{"400":{"ind1":"1","ind2":" ","subfields":[{"a":"Ovidius Naso, Publius,"},
  {"d":"43 f.Kr.-17 e.Kr."},
  {"t":"Pub. Ovidii Nasonis Metamorphoseon libri quindecim"}]}},
{"400":{"ind1":"1","ind2":" ","subfields":[{"a":"Ovidius Naso, Publius,"},
  {"d":"43 f.Kr.-17 e.Kr."},
  {"t":"Publii Ovidii Nasonis Metamorphoseon libri 15,"}]}},
{"400":{"ind1":"1","ind2":" ","subfields":[{"a":"Ovidius Naso, Publius,"},
  {"d":"43 f.Kr.-17 e.Kr."},
  {"t":"Publii Ovidii Nasonis Metamorphoseon libri XV"}]}},
{"667":{"ind1":" ","ind2":" ","subfields":[{"a":"Uppdaterat 2013-10-15. S/NB/evaabr"}]}},
{"670":{"ind1":" ","ind2":" ","subfields":[{"a":"Ancient etymologies in Ovid's Metamorphoses, 2001"}]}},
{"670":{"ind1":" ","ind2":" ","subfields":[{"a":"Metamorphoseos, Lyon, 1518 / Ovid., 1976"}]}},
{"670":{"ind1":" ","ind2":" ","subfields":[{"a":"Metamorphosis :"},
  {"b":"seu Fabulae poeticae, Frankfurt 1589 / Georgius Sabinus., 1976"}]}},
{"670":{"ind1":" ","ind2":" ","subfields":[{"a":"Metamorphoseon libri 15 :"},
  {"b":"Lactantii Placidi qui dicitur narrationes fabularum Ovidianarum. Rec. apparatu critico instruxit Hugo Magnus, 1914"}]}},
{"670":{"ind1":" ","ind2":" ","subfields":[{"a":"Metamorphoseon libri XV :"},
  {"b":"Denuo collatis probatissimæ fidei exemplaribus quam accuratissime emendati, 1547"}]}},
{"670":{"ind1":" ","ind2":" ","subfields":[{"a":"P. Ovidii Metamorphoseon libri XV. In fronte deniq[ue] operis. Vita Ouideij ex ipsius operibus. Index fabularum, & caeterorum, quae in hos libro continentur, secundum ordinem alphabeti, 1515"}]}},
{"670":{"ind1":" ","ind2":" ","subfields":[{"a":"P. Ovidii Nasonis Metamorphoseon libri 15 :"},
  {"b":"Denuò collatis probatissimae fidei exemplaribus quàm accuratissimè emendati, 1547"}]}},
{"670":{"ind1":" ","ind2":" ","subfields":[{"a":"Pub. Ovidii Nasonis Metamorphoseon libri quindecim, Donati argumentis compendiariis & adnotationibus marginalibus D. Gyberti Longolii illustrati, 1560"}]}},
{"670":{"ind1":" ","ind2":" ","subfields":[{"a":"Publii Ovidii Nasonis Metamorphoseon libri 15, 1793"}]}},
{"670":{"ind1":" ","ind2":" ","subfields":[{"a":"Publii Ovidii Nasonis Metamorphoseon libri XV. Editio nova diligentissime expressa, 1808"}]}},
{"670":{"ind1":" ","ind2":" ","subfields":[{"a":"LC"},
  {"b":"(Ovid, 43 B.C.-17 or 18 A.D. Metamorphoses)"}]}}]}
